@misc{hillenbrand2022,
    author = {Hillenbrand, Sebastian},
    title = {The {F}ed and the {S}ecular {D}ecline in {I}nterest {R}ates},
    howpublished = {Working Paper},
    month = {January},
    year = {2022}
}

@article{miranda2020us,
  title={{U}{S} {M}onetary {P}olicy and the {G}lobal {F}inancial {C}ycle},
  author={Miranda-Agrippino, Silvia and Rey, H{\'e}lene},
  journal={The {R}eview of {E}conomic {S}tudies},
  volume={87},
  number={6},
  pages={2754--2776},
  year={2020},
  publisher={Oxford University Press}
}

@techreport{rey2021,
 title = "The {G}lobal {F}inancial {C}ycle",
 author = "Miranda-Agrippino, Silvia and Rey, Hélène",
 institution = "National Bureau of Economic Research",
 type = "Working Paper",
 series = "Working Paper Series",
 number = "29327",
 year = "2021",
 month = "October",
 doi = {10.3386/w29327},
 URL = "http://www.nber.org/papers/w29327",
}

@techreport{rogoff2022,
 title = "Long-{R}un {T}rends in {L}ong-{M}aturity {R}eal {R}ates 1311-2021",
 author = "Rogoff, Kenneth S and Rossi, Barbara and Schmelzing, Paul",
 institution = "National Bureau of Economic Research",
 type = "Working Paper",
 series = "Working Paper Series",
 number = "30475",
 year = "2022",
 month = "September",
 doi = {10.3386/w30475},
 URL = "http://www.nber.org/papers/w30475",
}

@article{bauer2023alternative,
  title={An {A}lternative {E}xplanation for the “{F}ed {I}nformation {E}ffect”},
  author={Bauer, Michael D and Swanson, Eric T},
  journal={American Economic Review},
  volume={113},
  number={3},
  pages={664--700},
  year={2023},
  publisher={American Economic Association 2014 Broadway, Suite 305, Nashville, TN 37203}
}

@article{bernanke2005explains,
  title={What {E}xplains the {S}tock {M}arket's {R}eaction to {F}ederal {R}eserve {P}olicy?},
  author={Bernanke, Ben S and Kuttner, Kenneth N},
  journal={The Journal of Finance},
  volume={60},
  number={3},
  pages={1221--1257},
  year={2005},
  publisher={Wiley Online Library}
}

@article{hanson2015monetary,
  title={Monetary {P}olicy and {L}ong-{T}erm {R}eal {R}ates},
  author={Hanson, Samuel G and Stein, Jeremy C},
  journal={Journal of Financial Economics},
  volume={115},
  number={3},
  pages={429--448},
  year={2015},
  publisher={Elsevier}
}

@article{schmeling2016does,
  title={Does {C}entral {B}ank {T}one {M}ove {A}sset {P}rices?},
  author={Schmeling, Maik and Wagner, Christian},
  journal={Journal of Financial and Quantitative Analysis},
  pages={1--48},
  year={2016},
  publisher={Cambridge University Press}
}

@article{finlay2009term,
  title={A {T}erm {S}tructure {D}ecomposition of the {A}ustralian {Y}ield {C}urve},
  author={Finlay, Richard and Chambers, Mark},
  journal={Economic Record},
  volume={85},
  number={271},
  pages={383--400},
  year={2009},
  publisher={Wiley Online Library}
}

@inproceedings{gilchrist2014us,
  title={{U}{S} {M}onetary {P}olicy and {F}oreign {B}ond {Y}ields},
  author={Gilchrist, Simon and Yue, Vivian and Zakrajsek, Egon},
  booktitle={15th Jacques Polak Annual Research Conference hosted by the IMF, Washington, November},
  pages={13--14},
  year={2014}
}

@article{nelson1987parsimonious,
  title={Parsimonious {M}odeling of {Y}ield {C}urves},
  author={Nelson, Charles R and Siegel, Andrew F},
  journal={Journal of business},
  pages={473--489},
  year={1987},
  publisher={JSTOR}
}

@inproceedings{kubitza2023life,
  title={Life {I}nsurance {C}onvexity},
  author={Kubitza, Christian and Grochola, Nicolaus and Gr{\"u}ndl, Helmut},
  booktitle={Proceedings of Paris December 2020 Finance Meeting EUROFIDAI-ESSEC},
  year={2023}
}

@article{bolder2004empirical,
  title={An {E}mpirical {A}nalysis of the {C}anadian {T}erm {S}tructure of {Z}ero-{C}oupon {I}nterest {R}ates},
  author={Bolder, David Jamieson and Johnson, Grahame and Metzler, Adam},
  year={2004},
  publisher={Bank of Canada working paper}
}

@article{anderson2001new,
  title={New {E}stimates of the {U}{K} {R}eal and {N}ominal {Y}ield {C}urves: {W}orking {P}aper {N}o. 126},
  author={Anderson, Nicola and Sleath, John},
  journal={Bank of England. Quarterly Bulletin},
  volume={41},
  number={1},
  pages={124},
  year={2001},
  publisher={Bank of England. Economics Division. Bulletin Group}
}

@misc{Summers2013,
  author = {Summers, Lawrence H.},
  title = {Remarks at the IMF Fourteenth Annual Research Conference in Honor of Stanley Fischer},
  year = {2013},
  month = {November 8},
  note = {Speech},
  url = {https://www.imf.org/external/np/res/seminars/2013/arc/pdf/Summers.pdf}
}

@article{kilian2009not,
  title={Not all oil price shocks are alike: Disentangling demand and supply shocks in the crude oil market},
  author={Kilian, Lutz},
  journal={American economic review},
  volume={99},
  number={3},
  pages={1053--1069},
  year={2009},
  publisher={American Economic Association}
}

@article{kilian2019measuring,
  title={Measuring global real economic activity: Do recent critiques hold up to scrutiny?},
  author={Kilian, Lutz},
  journal={Economics Letters},
  volume={178},
  pages={106--110},
  year={2019},
  publisher={Elsevier}
}

@book{gordon2017rise,
  author    = {Robert J. Gordon},
  title     = {The Rise and Fall of American Growth},
  publisher = {Princeton University Press},
  year      = {2017},
}

@article{summers2014reflections,
  title={Reflections on the ‘{N}ew {S}ecular {S}tagnation {H}ypothesis’},
  author={Summers, Laurence H},
  journal={Secular {S}tagnation: {F}acts, {C}auses and {C}ures},
  volume={1},
  pages={27--40},
  year={2014},
  publisher={CEPR Press London}
}

@article{krugman2014four,
  title={Four {O}bservations on {S}ecular {S}tagnation},
  author={Krugman, Paul},
  journal={Secular {S}tagnation: {F}acts, {C}auses and {C}ures},
  pages={61--68},
  year={2014},
  publisher={CEPR Press London}
}

@article{bacchetta2022understanding,
  title={Understanding {S}wiss {R}eal {I}nterest {R}ates in a {F}inancially {G}lobalized {W}orld},
  author={Bacchetta, Philippe and Benhima, Kenza and Renne, Jean-Paul},
  journal={Swiss Journal of Economics and Statistics},
  volume={158},
  number={1},
  pages={16},
  year={2022},
  publisher={Springer}
}

@article{cwik2024fx,
  title={{F}{X} {I}nterventions as a {F}orm of {U}nconventional {M}onetary {P}olicy},
  author={Cwik, Tobias and Winter, Christoph},
  year={2024},
  publisher={Swiss National Bank Working Paper}
}

@book{miranda2015world,
  title={World {A}sset {M}arkets and the {G}lobal {F}inancial {C}ycle},
  author={Miranda-Agrippino, Silvia and Rey, H{\'e}lene and others},
  volume={21722},
  year={2015},
  publisher={National Bureau of Economic Research Cambridge, MA}
}

@article{barakchian2015transmission,
  title={Transmission of {U}{S} {M}onetary {P}olicy into the {C}anadian {E}conomy: A {S}tructural {C}ointegration {A}nalysis},
  author={Barakchian, S Mahdi},
  journal={Economic Modelling},
  volume={46},
  pages={11--26},
  year={2015},
  publisher={Elsevier}
}

@Article{gurkaynak2005,
  author={Refet S Gürkaynak and Brian Sack and Eric Swanson},
  title={{Do {A}ctions {S}peak {L}ouder {T}han {W}ords? {T}he {R}esponse of {A}sset {P}rices to {M}onetary {P}olicy {A}ctions and {S}tatements}},
  journal={International Journal of Central Banking},
  year=2005,
  volume={1},
  number={1},
  pages={},
  month={May},
  keywords={},
  doi={},
  abstract={We investigate the effects of U.S. monetary policy on asset prices using a high-frequency event-study analysis. We test whether these effects are adequately captured by a single factor-changes in the federal funds rate target - and find that they are not. Instead, we find that two factors are required. These factors have a structural interpretation as a \&quot;current federal funds rate target\&quot; factor and a \&quot;future path of policy\&quot; factor, with the latter closely associated with Federal Open Market Committee statements.We measure the effects of these two factors on bond yields and stock prices using a new intraday data set going back to 1990. According to our estimates, both monetary policy actions and statements have important but differing effects on asset prices, with statements having a much greater impact on longer-term Treasury yields.},
  url={https://ideas.repec.org/a/ijc/ijcjou/y2005q2a2.html}
}

@article{romer2004new,
  title={A {N}ew {M}easure of {M}onetary {S}hocks: {D}erivation and {I}mplications},
  author={Romer, Christina D and Romer, David H},
  journal={American economic review},
  volume={94},
  number={4},
  pages={1055--1084},
  year={2004},
  publisher={American Economic Association}
}

@article{nakamura2018high,
  title={High-{F}requency {I}dentification of {M}onetary {N}on-{N}eutrality: the {I}nformation {E}ffect},
  author={Nakamura, Emi and Steinsson, J{\'o}n},
  journal={The Quarterly Journal of Economics},
  volume={133},
  number={3},
  pages={1283--1330},
  year={2018},
  publisher={Oxford University Press}
}

@article{bauer2023alternative,
  title={An {A}lternative {E}xplanation for the “{F}ed {I}nformation {E}ffect”},
  author={Bauer, Michael D and Swanson, Eric T},
  journal={American Economic Review},
  volume={113},
  number={3},
  pages={664--700},
  year={2023},
  publisher={American Economic Association 2014 Broadway, Suite 305, Nashville, TN 37203}
}

@techreport{curcuru2018measuring,
	title={Measuring {M}onetary {P}olicy {S}pillovers {B}etween {U}.{S}. and {G}erman {B}ond {Y}ields},
	author={Curcuru, Stephanie E. and De Pooter, Michiel and Eckerd, George},
	year={2018},
	number={1226},
	institution={International Finance Discussion Papers}
}