@article{abadi2023,
Author = {Abadi, Joseph and Brunnermeier, Markus and Koby, Yann},
Title = {The {R}eversal {I}nterest {R}ate},
Journal = {American Economic Review},
Volume = {113},
Number = {8},
Year = {2023},
Month = {August},
Pages = {2084-2120},
DOI = {10.1257/aer.20190150},
URL = {https://www.aeaweb.org/articles?id=10.1257/aer.20190150}
}